<?xml version="1.0" encoding="UTF-8"?><collection xmlns="http://www.loc.gov/MARC21/slim"><record><leader>00504nam--2200181-u-4500</leader><controlfield tag="001">000056855</controlfield><controlfield tag="002">20200911</controlfield><controlfield tag="005">20200911015909</controlfield><controlfield tag="008">200911s1000------------r-----000-0-eng-d</controlfield><datafield ind1=" " ind2=" " tag="040"><subfield code="a">IFIN-HH</subfield></datafield><datafield ind1="1" ind2=" " tag="041"><subfield code="a">eng</subfield></datafield><datafield ind1="1" ind2="0" tag="100"><subfield code="a">Mitchell, C.A</subfield></datafield><datafield ind1="1" ind2="0" tag="245"><subfield code="a">1000 World Leaders on Scientific Influence</subfield><subfield code="c">C.A. Mitchell (Ed.)</subfield></datafield><datafield ind1=" " ind2=" " tag="260"><subfield code="b">American Biographical Institute</subfield><subfield code="c">2002</subfield></datafield><datafield ind1=" " ind2=" " tag="300"><subfield code="a">VLVII+273 p</subfield></datafield><datafield ind1=" " ind2=" " tag="500"><subfield code="a">Donatie Acad. Nicolae Victor Zamfir</subfield></datafield><datafield ind1="1" ind2=" " tag="852"><subfield code="a">82789</subfield><subfield code="c">N.V.Z</subfield></datafield><datafield ind1=" " ind2=" " tag="CAT"><subfield code="a">SYS</subfield><subfield code="c">20200911</subfield><subfield code="h">015909</subfield></datafield></record></collection>